<?xml version="1.0" encoding="UTF-8"?><record xmlns="http://www.loc.gov/MARC21/slim" xmlns:cinclude="http://apache.org/cocoon/include/1.0" xmlns:zs="http://www.loc.gov/zing/srw/">
  <leader>01617cz  a2200193n  4500</leader>
  <controlfield tag="001">no2001097159</controlfield>
  <controlfield tag="003">DLC</controlfield>
  <controlfield tag="005">20111206074955.0</controlfield>
  <controlfield tag="008">011207n| acannaabn          |a aaa     c</controlfield>
  <datafield tag="010" ind1=" " ind2=" ">
    <subfield code="a">no2001097159</subfield>
    <subfield code="z">no 00049240 </subfield>
  </datafield>
  <datafield tag="035" ind1=" " ind2=" ">
    <subfield code="a">(OCoLC)oca05642773</subfield>
  </datafield>
  <datafield tag="040" ind1=" " ind2=" ">
    <subfield code="a">PPi-MA</subfield>
    <subfield code="b">eng</subfield>
    <subfield code="c">PPi-MA</subfield>
    <subfield code="d">OOC</subfield>
    <subfield code="d">IlMchBWI</subfield>
    <subfield code="d">DLC</subfield>
  </datafield>
  <datafield tag="100" ind1="1" ind2=" ">
    <subfield code="a">Kuykendall, Pete</subfield>
  </datafield>
  <datafield tag="400" ind1="1" ind2=" ">
    <subfield code="a">Roberts, Pete,</subfield>
    <subfield code="d">1938-</subfield>
  </datafield>
  <datafield tag="670" ind1=" " ind2=" ">
    <subfield code="a">American banjo [SR] p1990:</subfield>
    <subfield code="b">insert (Pete Kuykendall; 18 years old [in 1956]; b. Arlington, Va.)</subfield>
  </datafield>
  <datafield tag="670" ind1=" " ind2=" ">
    <subfield code="a">Mountain music, bluegrass style [SR] p1991:</subfield>
    <subfield code="b">label (Kuykendall) insert (Peter Kuykendall, 5-string banjo; also plays other bluegrass instruments; recording technician at Library of Congress; b. 1938, Arlington, Va.)</subfield>
  </datafield>
  <datafield tag="670" ind1=" " ind2=" ">
    <subfield code="a">Mountain music bluegrass style [SR] 1960:</subfield>
    <subfield code="b">insert (Pete Roberts, piano)</subfield>
  </datafield>
  <datafield tag="670" ind1=" " ind2=" ">
    <subfield code="a">Rosenberg, N. Bluegrass: a history, 1985 :</subfield>
    <subfield code="b">p. 159 (In 1958 the Gentlemen hires a new banjo player, Peter V. Kuykendall (he used the stage name of Pete Roberts), the deejay and record collector who had helped Mike Seeger plan his first Flokways album on Skruggs-style banjo; like Seeger, he had performed on that recording and also on Mountain Music Bluegrass Style)</subfield>
  </datafield>
  <datafield tag="670" ind1=" " ind2=" ">
    <subfield code="a">International Bluegrass Music Museum website, Nov. 17, 2011</subfield>
    <subfield code="b">(Peter V Kuykendall; b. Jan. 15, 1938, Washington, D.C.; Primary Instrument: Banjo; composed and arranged songs that are now standards in bluegrass; one of the founders of Bluegrass Unlimited magazine in 1966, and editor since 1970; a partner in Wynwood Music Company; his mother's career as a piano instructor made lessons on that instrument his first musical endeavor)</subfield>
  </datafield>
</record>